
%% Saved with string encoding Unicode (UTF-8) 
@inproceedings{quigley2009ros,
  title={ROS: an open-source Robot Operating System},
  author={Quigley, Morgan and Conley, Ken and Gerkey, Brian and Faust, Josh and Foote, Tully and Leibs, Jeremy and Wheeler, Rob and Ng, Andrew Y},
  booktitle={ICRA workshop on open source software},
  volume={3},
  number={3.2},
  pages={5},
  year={2009},
  organization={Kobe, Japan}
}

@inproceedings{igngazebo,
  title={https://ignitionrobotics.org},
  author={Ignition Gazebo}
}

@inproceedings{lee2010geometric,
  title={Geometric tracking control of a quadrotor UAV on SE (3)},
  author={Lee, Taeyoung and Leok, Melvin and McClamroch, N Harris},
  booktitle={49th IEEE conference on decision and control (CDC)},
  pages={5420--5425},
  year={2010},
  organization={IEEE}
}

@article{mahony2012multirotor,
  title={Multirotor aerial vehicles: Modeling, estimation, and control of quadrotor},
  author={Mahony, Robert and Kumar, Vijay and Corke, Peter},
  journal={IEEE Robotics and Automation magazine},
  volume={19},
  number={3},
  pages={20--32},
  year={2012},
  publisher={Institute of Electrical and Electronics Engineers Inc.}
}




